<record xmlns="http://www.loc.gov/MARC21/slim" xmlns:xsi="http://www.w3.org/2001/XMLSchema-instance" xsi:schemaLocation="http://www.loc.gov/MARC21/slim http://www.loc.gov/standards/marcxml/schema/MARC21slim.xsd"><leader>     nam a22        4500</leader><controlfield tag="001">002950958</controlfield><controlfield tag="003">NNU</controlfield><controlfield tag="006">m        d        </controlfield><controlfield tag="007">cr cn |||m|||a</controlfield><controlfield tag="008">150313s1960    sy      o     000 0 ara d</controlfield><datafield ind1=" " ind2=" " tag="040"><subfield code="a">NNU</subfield><subfield code="b">eng</subfield><subfield code="c">NNU</subfield></datafield><datafield ind1=" " ind2=" " tag="041"><subfield code="a">ara</subfield><subfield code="a">urd</subfield></datafield><datafield ind1="1" ind2=" " tag="100"><subfield code="a">Nadv&#299;, Abul&#7717;asan &#699;Al&#299;,</subfield><subfield code="d">1913-</subfield></datafield><datafield ind1="0" ind2="0" tag="240"><subfield code="a">Raw&#257;&#700;i&#699; Iqb&#257;l.</subfield><subfield code="l">Arabic</subfield></datafield><datafield ind1="1" ind2="0" tag="245"><subfield code="a">Raw&#257;&#700;i&#699; Iqb&#257;l</subfield><subfield code="h">[electronic resource] /</subfield><subfield code="c">Ab&#363; al-&#7716;asan &#699;Al&#299; al-&#7716;usn&#299; al-Nadw&#299;.</subfield></datafield><datafield ind1=" " ind2=" " tag="260"><subfield code="a">Dimashq :</subfield><subfield code="b">D&#257;r al-Fikr,</subfield><subfield code="c">1960.</subfield></datafield><datafield ind1=" " ind2=" " tag="300"><subfield code="a">online resource (126 p.)</subfield></datafield><datafield ind1=" " ind2=" " tag="500"><subfield code="a">Part of the Arabic Collections Online (ACO) project, contributed by New York Univeristy Libraries.</subfield></datafield><datafield ind1=" " ind2=" " tag="533"><subfield code="a">Electronic reproduction.</subfield><subfield code="b">New York, N.Y. :</subfield><subfield code="c">New York University,</subfield><subfield code="d">2015.</subfield><subfield code="5">NNU</subfield></datafield><datafield ind1="1" ind2="0" tag="600"><subfield code="a">Iqbal, Muhammad,</subfield><subfield code="c">Sir,</subfield><subfield code="d">1877-1938.</subfield></datafield><datafield ind1="2" ind2=" " tag="710"><subfield code="a">New York University.</subfield><subfield code="b">Libraries.</subfield></datafield><datafield ind1="0" ind2=" " tag="730"><subfield code="a">Arabic Collections Online.</subfield></datafield><datafield ind1="0" ind2="8" tag="776"><subfield code="i">Print version:</subfield><subfield code="a">Nadv&#299;, Abul&#7717;asan &#699;Al&#299;, 1913-</subfield><subfield code="t">Raw&#257;&#700;i&#699; Iqb&#257;l</subfield><subfield code="w">(NNU)002950958</subfield></datafield><datafield ind1="4" ind2="0" tag="856"><subfield code="u">http://hdl.handle.net/2333.1/qrfj6skp</subfield></datafield><datafield ind1=" " ind2=" " tag="959"><subfield code="a">NNU</subfield><subfield code="b">WEB</subfield><subfield code="c">GENI</subfield><subfield code="t">0</subfield><subfield code="m">Electronic access</subfield><subfield code="s">01</subfield></datafield><datafield ind1=" " ind2=" " tag="999"><subfield code="i">NNU_002950958</subfield><subfield code="s">nyu_aco000596</subfield><subfield code="e">(ERROR-880)</subfield></datafield></record>